<record><leader>00000cas a2200000 a 4500</leader><controlfield tag="001">8791818</controlfield><controlfield tag="008">820921d19071968kyudn ne      0   a0eng  </controlfield><datafield ind1=" " ind2=" " tag="010"><subfield code="a">sn 82014711 </subfield></datafield><datafield ind1=" " ind2=" " tag="040"><subfield code="a">DLC</subfield><subfield code="b">eng</subfield><subfield code="c">DLC</subfield><subfield code="d">KNP</subfield><subfield code="d">DLC</subfield><subfield code="d">KNP</subfield><subfield code="d">OCL</subfield><subfield code="d">OCLCQ</subfield><subfield code="d">DLC</subfield><subfield code="d">KYUBL</subfield><subfield code="d">OCLCO</subfield><subfield code="d">OCLCQ</subfield><subfield code="d">OCLCF</subfield></datafield><datafield ind1=" " ind2=" " tag="042"><subfield code="a">msc</subfield></datafield><datafield ind1=" " ind2=" " tag="043"><subfield code="a">n-us-ky</subfield></datafield><datafield ind1="0" ind2="0" tag="050"><subfield code="a">Newspaper 7002</subfield></datafield><datafield ind1="0" ind2=" " tag="130"><subfield code="a">Daily independent (Maysville, Ky.)</subfield></datafield><datafield ind1="1" ind2="4" tag="245"><subfield code="a">The daily independent.</subfield></datafield><datafield ind1=" " ind2=" " tag="260"><subfield code="a">Maysville, Ky. :</subfield><subfield code="b">Sam W. Stairs,</subfield><subfield code="c">-1968.</subfield></datafield><datafield ind1=" " ind2=" " tag="300"><subfield code="a">v. :</subfield><subfield code="b">ill. ;</subfield><subfield code="c">60 cm.</subfield></datafield><datafield ind1=" " ind2=" " tag="310"><subfield code="a">Daily (except Sun.)</subfield></datafield><datafield ind1="1" ind2=" " tag="362"><subfield code="a">Began with May 16, 1907 issue?</subfield></datafield><datafield ind1="0" ind2=" " tag="362"><subfield code="a">-Sept. 30, 1968.</subfield></datafield><datafield ind1=" " ind2=" " tag="500"><subfield code="a">"Democratic." Cf. Ayer, 1946.</subfield></datafield><datafield ind1=" " ind2=" " tag="588"><subfield code="a">Description based on: Vol. 9 (Oct. 23, 1915).</subfield></datafield><datafield ind1=" " ind2="0" tag="651"><subfield code="a">Maysville (Ky.)</subfield><subfield code="v">Newspapers.</subfield></datafield><datafield ind1=" " ind2="0" tag="651"><subfield code="a">Mason County (Ky.)</subfield><subfield code="v">Newspapers.</subfield></datafield><datafield ind1=" " ind2="7" tag="655"><subfield code="a">Newspapers.</subfield><subfield code="2">fast</subfield><subfield code="0">(OCoLC)fst01423814</subfield></datafield><datafield ind1=" " ind2="7" tag="651"><subfield code="a">Kentucky</subfield><subfield code="z">Mason County.</subfield><subfield code="2">fast</subfield><subfield code="0">(OCoLC)fst01206484</subfield></datafield><datafield ind1=" " ind2="7" tag="651"><subfield code="a">Kentucky</subfield><subfield code="z">Maysville.</subfield><subfield code="2">fast</subfield><subfield code="0">(OCoLC)fst01211454</subfield></datafield><datafield ind1=" " ind2=" " tag="752"><subfield code="a">United States</subfield><subfield code="b">Kentucky</subfield><subfield code="c">Mason</subfield><subfield code="d">Maysville.</subfield></datafield><datafield ind1="0" ind2="5" tag="780"><subfield code="t">Daily bulletin (Maysville, Ky.)</subfield><subfield code="w">(DLC)sn 85038021</subfield><subfield code="g">Oct. 1936</subfield><subfield code="w">(OCoLC)11737552</subfield></datafield><datafield ind1="0" ind2="7" tag="785"><subfield code="t">Public ledger (Maysville, Ky.)</subfield><subfield code="x">2159-3779</subfield><subfield code="w">(DLC)sn 85038022</subfield><subfield code="w">(OCoLC)11737644</subfield></datafield><datafield ind1="0" ind2="7" tag="785"><subfield code="t">Public ledger the daily independent</subfield><subfield code="w">(DLC)sn 86069118</subfield><subfield code="w">(OCoLC)13567059</subfield></datafield></record>